<?xml version='1.0' encoding='UTF-8'?>
<record xmlns="http://www.loc.gov/MARC21/slim">
  <leader>01135cam a2200253Ma 4500</leader>
  <controlfield tag="001">2823942</controlfield>
  <controlfield tag="003">NjP</controlfield>
  <controlfield tag="005">20171018173133.0</controlfield>
  <controlfield tag="008">860805q19801989ir       b    000 0 araod</controlfield>
  <datafield tag="024" ind1="7" ind2=" ">
    <subfield code="a">princeton_aco003063</subfield>
    <subfield code="2">local</subfield>
  </datafield>
  <datafield ind1=" " ind2=" " tag="035">
    <subfield code="a">(OCoLC)ocm17380509</subfield>
  </datafield>
  <datafield ind1=" " ind2=" " tag="035">
    <subfield code="9">CNQ3628TS</subfield>
  </datafield>
  <datafield ind1=" " ind2=" " tag="040">
    <subfield code="a">PAU</subfield>
    <subfield code="c">PAU</subfield>
    <subfield code="d">PUL</subfield>
  </datafield>
  <datafield ind1="1" ind2=" " tag="100">
    <subfield code="a">Shubbar, ʻAbd Allāh ibn Muḥammad Riḍā,</subfield>
    <subfield code="d">1774 or 1775-1826 or 1827.</subfield>
    <subfield code="0">http://id.loc.gov/authorities/names/n84028208</subfield>
  </datafield>
  <datafield ind1="1" ind2="0" tag="245">
    <subfield code="a">Tasliyat al-fuʼād fī bayān al-mawt wa-al-maʻād /</subfield>
    <subfield code="c">taʼlīf ʻAbd Allāh Shubbar ; taḥqīq al-Sayyid Aḥmad al-Ḥusaynī, Riḍā Ustādī.</subfield>
  </datafield>
  <datafield ind1=" " ind2=" " tag="260">
    <subfield code="a">Qum :</subfield>
    <subfield code="b">Maktabat Baṣīratī,</subfield>
    <subfield code="c">[198-?]</subfield>
  </datafield>
  <datafield ind1=" " ind2=" " tag="300">
    <subfield code="a">272 p. ;</subfield>
    <subfield code="c">23 cm.</subfield>
  </datafield>
  <datafield ind1=" " ind2=" " tag="500">
    <subfield code="a">Reprint. Originally published: 1973 or 1974.</subfield>
  </datafield>
  <datafield ind1=" " ind2=" " tag="504">
    <subfield code="a">Bibliography: p. 270-272.</subfield>
  </datafield>
  <datafield ind1=" " ind2="0" tag="650">
    <subfield code="a">Islamic eschatology.</subfield>
    <subfield code="0">http://id.loc.gov/authorities/subjects/sh85044792</subfield>
  </datafield>
  <datafield ind1=" " ind2="0" tag="650">
    <subfield code="a">Shīʻah</subfield>
    <subfield code="x">Doctrines.</subfield>
    <subfield code="0">http://id.loc.gov/authorities/subjects/sh85121391</subfield>
  </datafield>
  <datafield ind1="1" ind2=" " tag="700">
    <subfield code="a">Ḥusaynī, al-Sayyid Aḥmad.</subfield>
  </datafield>
  <datafield ind1="1" ind2=" " tag="700">
    <subfield code="a">Ustādī, Riz̤ā.</subfield>
  </datafield>
  <datafield ind1=" " ind2=" " tag="945">
    <subfield code="a">F</subfield>
    <subfield code="b">1</subfield>
    <subfield code="c">2274.87772.389</subfield>
  </datafield>
  <datafield ind1=" " ind2=" " tag="911">
    <subfield code="a">20000220</subfield>
  </datafield>
  <datafield ind1="0" ind2="0" tag="852">
    <subfield code="0">3136158</subfield>
    <subfield code="b">rcppa</subfield>
    <subfield code="t">1</subfield>
    <subfield code="h">BP166.8</subfield>
    <subfield code="i">.S583 1980z</subfield>
    <subfield code="x">tr fr nec</subfield>
  </datafield>
  <datafield ind1=" " ind2=" " tag="959">
    <subfield code="a">2009-07-02 08:47:38 -0500</subfield>
  </datafield>
</record>
